<record><leader>00000cas a22000007a 4500</leader><controlfield tag="001">12726806</controlfield><controlfield tag="008">851028d18521906nyuwr ne      0    0eng d</controlfield><datafield ind1=" " ind2=" " tag="010"><subfield code="a">sn 85026892 </subfield></datafield><datafield ind1=" " ind2=" " tag="040"><subfield code="a">NPX</subfield><subfield code="b">eng</subfield><subfield code="c">NPX</subfield><subfield code="d">NYS</subfield><subfield code="d">OCL</subfield><subfield code="d">OCLCQ</subfield><subfield code="d">OCLCF</subfield><subfield code="d">OCLCO</subfield></datafield><datafield ind1="1" ind2=" " tag="029"><subfield code="a">AU@</subfield><subfield code="b">000020234075</subfield></datafield><datafield ind1=" " ind2=" " tag="042"><subfield code="a">msc</subfield></datafield><datafield ind1=" " ind2=" " tag="043"><subfield code="a">n-us-ny</subfield></datafield><datafield ind1="0" ind2="0" tag="245"><subfield code="a">Oswego weekly palladium.</subfield></datafield><datafield ind1="1" ind2="3" tag="246"><subfield code="a">Palladium</subfield></datafield><datafield ind1=" " ind2=" " tag="260"><subfield code="a">Oswego [N.Y.] :</subfield><subfield code="b">R. Bunner,</subfield><subfield code="c">-1906.</subfield></datafield><datafield ind1=" " ind2=" " tag="300"><subfield code="a">v.</subfield></datafield><datafield ind1=" " ind2=" " tag="310"><subfield code="a">Weekly</subfield></datafield><datafield ind1="1" ind2=" " tag="362"><subfield code="a">Began in 1852.</subfield></datafield><datafield ind1="0" ind2=" " tag="362"><subfield code="a">-v. 86, no. 42 (Nov. 16, 1906).</subfield></datafield><datafield ind1=" " ind2=" " tag="500"><subfield code="a">Editor: R. Bunner, &lt;1852&gt;.</subfield></datafield><datafield ind1=" " ind2=" " tag="580"><subfield code="a">Daily eds.: Oswego daily palladium (Oswego, N.Y. : 1851), 1852-1887; and: Oswego palladium (Oswego, N.Y. : 1887), 1887-1889; and: Oswego daily palladium (Oswego, N.Y. : 1889), 1889-1890; and: Daily palladium (Oswego, N.Y.), 1890-1906.</subfield></datafield><datafield ind1=" " ind2=" " tag="588"><subfield code="a">Description based on: Vol. 35, no. 1693 (Nov. 26, 1852).</subfield></datafield><datafield ind1=" " ind2="0" tag="651"><subfield code="a">Oswego (N.Y.)</subfield><subfield code="v">Newspapers.</subfield></datafield><datafield ind1=" " ind2="0" tag="651"><subfield code="a">Oswego County (N.Y.)</subfield><subfield code="v">Newspapers.</subfield></datafield><datafield ind1=" " ind2="7" tag="655"><subfield code="a">Newspapers.</subfield><subfield code="2">fast</subfield><subfield code="0">(OCoLC)fst01423814</subfield></datafield><datafield ind1=" " ind2="7" tag="651"><subfield code="a">New York (State)</subfield><subfield code="z">Oswego.</subfield><subfield code="2">fast</subfield><subfield code="0">(OCoLC)fst01212851</subfield></datafield><datafield ind1=" " ind2="7" tag="651"><subfield code="a">New York (State)</subfield><subfield code="z">Oswego County.</subfield><subfield code="2">fast</subfield><subfield code="0">(OCoLC)fst01208853</subfield></datafield><datafield ind1=" " ind2=" " tag="752"><subfield code="a">United States</subfield><subfield code="b">New York</subfield><subfield code="c">Oswego</subfield><subfield code="d">Oswego.</subfield></datafield><datafield ind1="1" ind2=" " tag="775"><subfield code="t">Oswego daily palladium (Oswego, N.Y. : 1851)</subfield><subfield code="w">(DLC)sn 83031421</subfield><subfield code="w">(OCoLC)9880088</subfield></datafield><datafield ind1="1" ind2=" " tag="775"><subfield code="t">Oswego palladium (Oswego, N.Y. : 1887)</subfield><subfield code="w">(DLC)sn 93063566</subfield><subfield code="w">(OCoLC)27436539</subfield></datafield><datafield ind1="1" ind2=" " tag="775"><subfield code="t">Oswego daily palladium (Oswego, N.Y. : 1889)</subfield><subfield code="w">(DLC)sn 93063567</subfield><subfield code="w">(OCoLC)27436540</subfield></datafield><datafield ind1="1" ind2=" " tag="775"><subfield code="t">Daily palladium (Oswego, N.Y.)</subfield><subfield code="w">(DLC)sn 84031480</subfield><subfield code="w">(OCoLC)10972174</subfield></datafield><datafield ind1="0" ind2="0" tag="780"><subfield code="t">Oswego palladium (Oswego, N.Y. : 1832)</subfield><subfield code="w">(DLC)sn 83031486</subfield></datafield><datafield ind1="0" ind2="0" tag="785"><subfield code="t">Oswego semi-weekly palladium</subfield><subfield code="w">(DLC)sn 93064028</subfield><subfield code="w">(OCoLC)29604297</subfield></datafield></record>